<?xml version="1.0" encoding="UTF-8"?><collection xmlns="http://www.loc.gov/MARC21/slim"><record><leader>00476nam--2200193-i-4500</leader><controlfield tag="001">000049435</controlfield><controlfield tag="002">20161230</controlfield><controlfield tag="005">20161230201047</controlfield><controlfield tag="008">060222s1000------------r-----000-0-rus-d</controlfield><datafield ind1=" " ind2=" " tag="040"><subfield code="a">IFIN-HH</subfield></datafield><datafield ind1=" " ind2=" " tag="041"><subfield code="a">rus</subfield></datafield><datafield ind1=" " ind2=" " tag="080"><subfield code="a">539.12.162.8</subfield></datafield><datafield ind1="1" ind2=" " tag="100"><subfield code="a">Trosin, S.M</subfield></datafield><datafield ind1="1" ind2="0" tag="245"><subfield code="a">Spin v fizike visokih energii</subfield><subfield code="c">S.m. trosin, n.e. tiurin</subfield></datafield><datafield ind1=" " ind2=" " tag="260"><subfield code="a">Moskva</subfield><subfield code="b">Nauka</subfield><subfield code="c">1991</subfield></datafield><datafield ind1=" " ind2=" " tag="300"><subfield code="a">175P</subfield></datafield><datafield ind1="1" ind2=" " tag="700"><subfield code="a">Tiurin, N.E</subfield></datafield><datafield ind1=" " ind2=" " tag="852"><subfield code="a">80039</subfield><subfield code="c">539.131</subfield></datafield><datafield ind1=" " ind2=" " tag="CAT"><subfield code="a">Sys</subfield><subfield code="c">20120314</subfield><subfield code="h">164917</subfield></datafield></record></collection>